<?xml version="1.0" encoding="UTF-8"?><collection xmlns="http://www.loc.gov/MARC21/slim"><record><leader>00479nam--2200133-i-4500</leader><controlfield tag="001">000039143</controlfield><controlfield tag="002">20161230</controlfield><controlfield tag="005">20161230201042</controlfield><controlfield tag="008">060222s1000------------r-----000-0-eng-d</controlfield><datafield ind1=" " ind2=" " tag="080"><subfield code="a">612.015.3(043):614.876(043)</subfield></datafield><datafield ind1=" " ind2=" " tag="100"><subfield code="a">Rinaldi,Jean-pierre</subfield></datafield><datafield ind1=" " ind2=" " tag="245"><subfield code="a">Contribution a l`etude experimentale du metabolisme et de la decontamination interne des sels zirconium-niiobium radioactif. these</subfield></datafield><datafield ind1=" " ind2=" " tag="260"><subfield code="a">Grenoble, Faculte Mixte De Medicine Et De Pharmacie, 1969. 113 P</subfield></datafield><datafield ind1=" " ind2=" " tag="852"><subfield code="a">40741</subfield></datafield></record></collection>